@article{abbasimehr2019timeseries,
  author    = {Hossein Abbasimehr and Mostafa Shabani},
  title     = {A new methodology for customer behavior analysis using time series clustering: A case study on a bank's customers},
  journal   = {Kybernetes},
  volume    = {49},
  number    = {2},
  pages     = {221--238},
  year      = {2019},
  publisher = {Emerald Publishing},
  doi       = {10.1108/K-09-2018-0482},
  url       = {https://www.emerald.com/insight/content/doi/10.1108/K-09-2018-0482/full/html}
}
