@article{auer2023prediction,
  author    = {Michael Auer and Mark D. Griffiths},
  title     = {Prediction of gambling problem risk using behavioral tracking data},
  journal   = {Journal of Gambling Studies},
  year      = {2023},
  volume    = {39},
  number    = {2},
  pages     = {317--333},
  publisher = {Springer}
}

@article{crm2024beliefs,
  author    = {Jung, Min and Suh, Yong and Yang, Ha},
  title     = {CRM Targeting with reference-dependent sensitivities: Evidence from the casino industry},
  journal   = {Service Business},
  year      = {2024},
  volume    = {18},
  number    = {2},
  pages     = {205--225},
  publisher = {Springer},
  doi       = {10.1007/s11628-024-00516-3}
}

@article{mccasino2020bonner,
  author    = {Courtney Bonner},
  title     = {Modeling casino gaming behavior using Markov Chain Monte Carlo simulation},
  journal   = {M.Sc. Thesis, University of Manitoba},
  year      = {2020},
  url       = {https://mspace.lib.umanitoba.ca/handle/1993/36210}
}

@article{temporal2023framework,
  author    = {Fernandez, Maria and Ruiz, Alberto and Garcia, Lucia},
  title     = {A temporal customer segmentation framework using time-aware clustering: Application in online gambling behavior analysis},
  journal   = {Expert Systems with Applications},
  year      = {2023},
  volume    = {213},
  pages     = {119145},
  publisher = {Elsevier},
  doi       = {10.1016/j.eswa.2022.119145}
}

@article{segmentmigration2020,
  author    = {Wang, Jinyu and Wang, Li},
  title     = {Customer segmentation based on temporal behavior for churn prediction: A case study in online services},
  journal   = {Applied Network Science},
  year      = {2020},
  volume    = {5},
  pages     = {1--17},
  publisher = {Springer}
}
