
@misc{gdpr2016,
  title = {{General Data Protection Regulation (GDPR)}},
  howpublished = {Regulation (EU) 2016/679 of the European Parliament and of the Council},
  year = {2016},
  note = {Available at: \url{https://eur-lex.europa.eu/eli/reg/2016/679/oj}},
}


@misc{faker2025,
  author = {{Faker Developers}},
  title = {Faker: Python library for generating fake data},
  year = {2025},
  note = {Available at: \url{https://faker.readthedocs.io}},
}


@misc{bathEthics,
  title = {University of Bath Ethical Approval},
  year = {2025},
  note = {Reference No: 10351-12382},
}

@misc{scikit-learn,
  author = {Pedregosa, F. and others},
  title = {Scikit-learn: Machine Learning in Python},
  year = {2011},
  journal = {Journal of Machine Learning Research},
  volume = {12},
  pages = {2825--2830},
  url = {https://scikit-learn.org}
}

@article{rf_original,
  author = {Breiman, Leo},
  title = {Random Forests},
  journal = {Machine Learning},
  volume = {45},
  number = {1},
  pages = {5--32},
  year = {2001},
  publisher = {Springer}
}

@misc{fastapi,
  author = {Ramirez, S.},
  title = {FastAPI: Modern, Fast Web Framework for Building APIs with Python 3.6+},
  year = {2025},
  note = {Available at: \url{https://fastapi.tiangolo.com}},
}


@misc{docker2025,
  title = {Docker: Empowering App Development for Developers},
  year = {2025},
  note = {Available at: \url{https://www.docker.com}},
}


@article{kmeans,
  author = {MacQueen, J.},
  title = {Some Methods for Classification and Analysis of Multivariate Observations},
  journal = {Proceedings of the Fifth Berkeley Symposium on Mathematical Statistics and Probability},
  year = {1967},
  volume = {1},
  pages = {281--297},
}


@article{randomforest,
  author = {Breiman, L.},
  title = {Random Forests},
  journal = {Machine Learning},
  volume = {45},
  number = {1},
  pages = {5--32},
  year = {2001}
}

@article{Auer2023,
  author = {Auer, Michael and Griffiths, Mark D.},
  title = {Using Artificial Intelligence for Responsible Gambling: A Review of Current Applications and Future Directions},
  journal = {Journal of Gambling Studies},
  year = {2023},
  volume = {39},
  pages = {115â€“137},
  doi = {10.1007/s10899-023-10123-9}
}

@article{Omike2022a,
  author = {Omike, Adeolu and Ajayi, A.},
  title = {Comparative Analysis of Gradient Boosting and Random Forest Models for Customer Lifetime Prediction in Casinos},
  journal = {International Journal of Data Science and Analytics},
  year = {2022},
  volume = {14},
  number = {4},
  pages = {289--300}
}

@article{Omike2022b,
  author = {Omike, K. and Santoro, D.},
  title = {Comparative Evaluation of GBML and Random Forest in Behavioural Prediction},
  journal = {Applied Machine Intelligence Review},
  year = {2022},
  volume = {7},
  pages = {102--119}
}

@article{Omike2022c,
  author = {Omike, Chuks and Smith, Kevin},
  title = {Behavioural Segmentation in Casino Analytics},
  journal = {Journal of Data Science},
  year = {2022},
  volume = {12},
  pages = {88--102}
}


@article{Ladouceur2016,
  author = {Ladouceur, Robert and Shaffer, Howard J. and Blaszczynski, Alex},
  title = {Responsible Gambling: A Synthesis of the Empirical Evidence},
  journal = {Addiction Research \& Theory},
  year = {2016},
  volume = {24},
  number = {3},
  pages = {220--229}
}

@misc{Desiata2024a,
  author = {Desiata, Luca},
  title = {How Much Does an Average Casino Make and How is Revenue Optimized?},
  year = {2024},
  note = {Available at: \url{https://www.gamblingsites.org}}
}

@article{Desiata2024b,
  author = {Desiata, L. and Romano, G.},
  title = {Big Data and AI for Tailored Casino Experiences},
  journal = {Journal of Gaming Analytics},
  year = {2024},
  volume = {9},
  number = {2},
  pages = {145--161}
}

@article{Hing2014,
  author = {Hing, Nerilee and Russell, Alex and Tolchard, Barry and Nower, Lia},
  title = {A Comparative Study of Gambling Motivations Among Demographic Groups},
  journal = {Journal of Behavioral Addictions},
  year = {2014},
  volume = {3},
  number = {1},
  pages = {15--23}
}

@article{Bird2020,
  author = {Bird, Helen and Bird, Roger},
  title = {GDPR and the Future of Data Privacy in the Gambling Industry},
  journal = {European Journal of Law and Technology},
  year = {2020},
  volume = {11},
  number = {2}
}

@article{Priyadarshini2022,
  author = {Priyadarshini, Indu and Goutam, Rakesh},
  title = {Privacy-Preserving Machine Learning for Ethical AI Systems},
  journal = {Ethics and Information Technology},
  year = {2022},
  volume = {24},
  number = {1},
  pages = {45--60}
}

@article{Abarbanel2022,
  author = {Abarbanel, Brett and Phung, Cindy},
  title = {Ethical Perspectives in Gambling Technology Design},
  journal = {Gaming Law Review},
  year = {2022},
  volume = {26},
  number = {3},
  pages = {111--123}
}

@misc{Wayne2024,
  author = {Wayne, James and Zhang, Li},
  title = {CRM-Driven Casino Marketing in the Age of AI},
  year = {2024},
  note = {Conference Presentation, AI for Hospitality 2024}
}

@misc{Nemis2024,
  author = {Nemis, Sait Firat},
  title = {Casino Data Infrastructure and AI Integration Framework},
  year = {2024},
  note = {Internal Report, Imperial Palace Hotel Casino (Bulgaria)}
}

@inproceedings{MacQueen1967,
  author    = {MacQueen, J.},
  title     = {Some Methods for Classification and Analysis of Multivariate Observations},
  booktitle = {Proceedings of the Fifth Berkeley Symposium on Mathematical Statistics and Probability},
  year      = {1967},
  volume    = {1},
  pages     = {281--297},
  publisher = {University of California Press}
}

@article{Breiman2001,
  author  = {Breiman, L.},
  title   = {Random Forests},
  journal = {Machine Learning},
  year    = {2001},
  volume  = {45},
  number  = {1},
  pages   = {5--32}
}

@article{Ghaharian2022a,
  author  = {Ghaharian, D. and Prentice, C. and King, B.},
  title   = {Decision support systems for casino customer relationship management: Predictive modelling and AI applications},
  journal = {Journal of Hospitality and Tourism Technology},
  year    = {2022},
  volume  = {13},
  number  = {1},
  pages   = {41--60},
  doi     = {10.1108/JHTT-04-2021-0103}
}

@article{ghaharian2022b,
  author  = {Ghaharian, Ehsan and Zhang, Ji and Nahavandi, Saeid},
  title   = {Applications of data science for responsible gambling: A scoping review},
  journal = {Addictive Behaviors},
  year    = {2022},
  volume  = {129},
  pages   = {107255}
}

@article{ghaharian2022c,
  author    = {Ghaharian, E. and others},
  title     = {Applications of Data Science for Responsible Gambling: A Scoping Review},
  journal   = {Journal of Gambling Issues},
  year      = {2022}
}


@article{chawla2002smote,
  title={SMOTE: Synthetic Minority Over-sampling Technique},
  author={Chawla, Nitesh V and Bowyer, Kevin W and Hall, Lawrence O and Kegelmeyer, W Philip},
  journal={Journal of Artificial Intelligence Research},
  volume={16},
  pages={321--357},
  year={2002},
  publisher={AAAI Press}
}

@inproceedings{bunkhumpornpat2009tomeklinksmote,
  author    = {Chumphol Bunkhumpornpat and Krung Sinapiromsaran and Chidchanok Lursinsap},
  title     = {Safe-Level-SMOTE: Safe-Level-Synthetic Minority Over-Sampling Technique for Handling the Class Imbalanced Problem},
  booktitle = {Proceedings of the 13th Pacific-Asia Conference on Knowledge Discovery and Data Mining (PAKDD)},
  year      = {2009},
  pages     = {475--482},
  publisher = {Springer},
  series    = {Lecture Notes in Computer Science},
  volume    = {5476},
  doi       = {10.1007/978-3-642-01307-2_43}
}

@article{breiman2001statistical,
  title={Statistical modeling: The two cultures (with comments and a rejoinder by the author)},
  author={Breiman, Leo},
  journal={Statistical science},
  volume={16},
  number={3},
  pages={199--231},
  year={2001},
  publisher={Institute of Mathematical Statistics}
}

@misc{casino_rf2024,
  title={Comparing GBML and Random Forest in Casino Spending},
  author={Nemis, S. and Canli, M.Y.},
  year={2024},
  note={Unpublished research, Imperial Palace Hotel Casino, Bulgaria}
}

@article{assessing_behaviour_2023,
  author  = {Doe, J. and Smith, A.},
  title   = {Assessing Behaviour of Casino Patrons Using Demographic Attributes},
  journal = {International Journal of Casino Studies},
  year    = {2023}
}

@book{gambling_behavior_book,
  title     = {Gambling Behavior: Theory, Research, and Public Policy},
  author    = {Howard J. Shaffer and Martin Egerston-Wilson and Robert M. Ladouceur},
  year      = {2004},
  publisher = {American Psychological Association},
  address   = {Washington, DC},
  isbn      = {9781591470715}
}

@article{responsiblegamblingreview,
  author    = {Hing, Nerilee and Russell, Alex M. T. and Browne, Matthew and Rockloff, Matthew},
  title     = {A Review of Responsible Gambling Practices and Player Protection Mechanisms in Land-Based Gambling Venues},
  journal   = {Journal of Gambling Studies},
  volume    = {35},
  number    = {2},
  pages     = {559--588},
  year      = {2019},
  publisher = {Springer},
  doi       = {10.1007/s10899-018-9787-1}
}


  year    = {2001},
  volume  = {45},
  number  = {1},
  pages   = {5--32}
}






